@article{catling2018exoplanet,
    Author = {David C. Catling and Joshua Krissansen-Totton and Nancy Y. Kiang and David Crisp and Tyler D. Robinson and Shiladitya DasSarma and Andrew J. Rushby and Anthony Del Genio and William Bains and Shawn Domagal-Goldman},
    Title = {Exoplanet Biosignatures: A Framework for Their Assessment},
    Journal = {Astrobiology},
    Year = {2018},
    Volume = {18},
    Number = {6},
    Pages = {709--738},
    Month = jun,
    DOI = {10.1089/ast.2017.1737}
}
